@article{aziz2021ecg,
  title={ECG-based machine-learning algorithms for heartbeat classification},
  author={Aziz, Saira and Ahmed, Sajid and Alouini, Mohamed-Slim},
  journal={Scientific reports},
  volume={11},
  number={1},
  pages={18738},
  year={2021},
  publisher={Nature Publishing Group UK London}
}

@inproceedings{kachuee2018ecg,
  title={Ecg heartbeat classification: A deep transferable representation},
  author={Kachuee, Mohammad and Fazeli, Shayan and Sarrafzadeh, Majid},
  booktitle={2018 IEEE international conference on healthcare informatics (ICHI)},
  pages={443--444},
  year={2018},
  organization={IEEE}
}

@article{sannino2018deep,
  title={A deep learning approach for ECG-based heartbeat classification for arrhythmia detection},
  author={Sannino, Giovanna and De Pietro, Giuseppe},
  journal={Future Generation Computer Systems},
  volume={86},
  pages={446--455},
  year={2018},
  publisher={Elsevier}
}

@misc{xiaolin2022classificationecgbasedhybrid,
      title={Classification of ECG based on Hybrid Features using CNNs for Wearable Applications}, 
      author={Li Xiaolin and Fang Xiang and Rajesh C. Panicker and Barry Cardiff and Deepu John},
      year={2022},
      eprint={2206.07648},
      archivePrefix={arXiv},
      primaryClass={eess.SP},
      url={https://arxiv.org/abs/2206.07648}, 
}
